<marc:collection xmlns:marc="http://www.loc.gov/MARC21/slim" xmlns:xsi="http://www.w3.org/2001/XMLSchema-instance" xsi:schemaLocation="http://www.loc.gov/MARC21/slim http://www.loc.gov/standards/marcxml/schema/MARC21slim.xsd">
    <marc:record type="Bibliographic">
        <marc:leader>01484cem a2200361 a 4500</marc:leader>
        <marc:controlfield tag="001">6049593</marc:controlfield>
        <marc:controlfield tag="005">20130426085437.0</marc:controlfield>
        <marc:controlfield tag="007">aj canzn</marc:controlfield>
        <marc:controlfield tag="008">100208s1862    pau       a     0   eng  </marc:controlfield>
        <marc:datafield tag="035" ind1=" " ind2=" ">
            <marc:subfield code="a">(OCoLC)ocm03990837</marc:subfield>
        </marc:datafield>
        <marc:datafield tag="040" ind1=" " ind2=" ">
            <marc:subfield code="a">NJL</marc:subfield>
            <marc:subfield code="c">NJL</marc:subfield>
            <marc:subfield code="d">OCL</marc:subfield>
            <marc:subfield code="d">OCLCQ</marc:subfield>
            <marc:subfield code="d">OCLCG</marc:subfield>
            <marc:subfield code="d">NjP</marc:subfield>
        </marc:datafield>
        <marc:datafield tag="034" ind1="1" ind2=" ">
            <marc:subfield code="a">a</marc:subfield>
            <marc:subfield code="b">40000</marc:subfield>
        </marc:datafield>
        <marc:datafield tag="035" ind1=" " ind2=" ">
            <marc:subfield code="a">(OCoLC)3990837</marc:subfield>
        </marc:datafield>
        <marc:datafield tag="043" ind1=" " ind2=" ">
            <marc:subfield code="a">n-us-nj</marc:subfield>
        </marc:datafield>
        <marc:datafield tag="052" ind1=" " ind2=" ">
            <marc:subfield code="a">3813</marc:subfield>
            <marc:subfield code="b">C8</marc:subfield>
        </marc:datafield>
        <marc:datafield tag="245" ind1="0" ind2="0">
            <marc:subfield code="a">Map of Cumberland Co., New Jersey :</marc:subfield>
            <marc:subfield code="b">from actual surveys</marc:subfield>
            <marc:subfield code="h">[map] /</marc:subfield>
            <marc:subfield code="c">by S.N. &amp; F.W. Beers, L.B. Lake &amp; C.S. Warner.</marc:subfield>
        </marc:datafield>
        <marc:datafield tag="246" ind1="3" ind2=" ">
            <marc:subfield code="a">Map of Cumberland County, New Jersey</marc:subfield>
        </marc:datafield>
        <marc:datafield tag="255" ind1=" " ind2=" ">
            <marc:subfield code="a">Scale [ca. 1:40,000]. 1 5/8 inches to the mile.</marc:subfield>
        </marc:datafield>
        <marc:datafield tag="260" ind1=" " ind2=" ">
            <marc:subfield code="a">Philadelphia :</marc:subfield>
            <marc:subfield code="b">A. Pomeroy,</marc:subfield>
            <marc:subfield code="c">1862.</marc:subfield>
        </marc:datafield>
        <marc:datafield tag="300" ind1=" " ind2=" ">
            <marc:subfield code="a">1 map :</marc:subfield>
            <marc:subfield code="b">col., mounted on cloth ;</marc:subfield>
            <marc:subfield code="c">148 x 136 cm.</marc:subfield>
        </marc:datafield>
        <marc:datafield tag="500" ind1=" " ind2=" ">
            <marc:subfield code="a">Includes ill., table of distances, "Bridgeton business directory", and 19 insets of town plans showing property owners.</marc:subfield>
        </marc:datafield>
        <marc:datafield tag="500" ind1=" " ind2=" ">
            <marc:subfield code="a">Wall map, removed from original wooden rollers.</marc:subfield>
        </marc:datafield>
        <marc:datafield tag="650" ind1=" " ind2="0">
            <marc:subfield code="a">Real property</marc:subfield>
            <marc:subfield code="z">New Jersey</marc:subfield>
            <marc:subfield code="z">Cumberland County</marc:subfield>
            <marc:subfield code="v">Maps.</marc:subfield>
        </marc:datafield>
        <marc:datafield tag="651" ind1=" " ind2="0">
            <marc:subfield code="a">Cumberland County (N.J.)</marc:subfield>
            <marc:subfield code="v">Maps.</marc:subfield>
        </marc:datafield>
        <marc:datafield tag="655" ind1=" " ind2="7">
            <marc:subfield code="a">County maps</marc:subfield>
            <marc:subfield code="z">New Jersey</marc:subfield>
            <marc:subfield code="z">Cumberland County</marc:subfield>
            <marc:subfield code="y">1862.</marc:subfield>
            <marc:subfield code="2">aat</marc:subfield>
        </marc:datafield>
        <marc:datafield tag="655" ind1=" " ind2="7">
            <marc:subfield code="a">Maps</marc:subfield>
            <marc:subfield code="z">New Jersey</marc:subfield>
            <marc:subfield code="z">Cumberland County</marc:subfield>
            <marc:subfield code="y">1862.</marc:subfield>
            <marc:subfield code="2">aat</marc:subfield>
        </marc:datafield>
        <marc:datafield tag="655" ind1=" " ind2="7">
            <marc:subfield code="a">Wall maps</marc:subfield>
            <marc:subfield code="z">New Jersey</marc:subfield>
            <marc:subfield code="z">Cumberland County</marc:subfield>
            <marc:subfield code="y">1862.</marc:subfield>
            <marc:subfield code="2">local</marc:subfield>
        </marc:datafield>
        <marc:datafield tag="700" ind1="1" ind2=" ">
            <marc:subfield code="a">Beers, S. N.</marc:subfield>
        </marc:datafield>
        <marc:datafield tag="700" ind1="1" ind2=" ">
            <marc:subfield code="a">Beers, F. W.</marc:subfield>
            <marc:subfield code="q">(Frederick W.)</marc:subfield>
        </marc:datafield>
        <marc:datafield tag="710" ind1="2" ind2=" ">
            <marc:subfield code="a">A. Pomeroy &amp; Co.</marc:subfield>
        </marc:datafield>
        <marc:datafield tag="856" ind1="4" ind2="1">
            <marc:subfield code="z">See the map</marc:subfield>
            <marc:subfield code="u">http://gisserver.princeton.edu/map/27811</marc:subfield>
        </marc:datafield>
        <marc:datafield tag="904" ind1=" " ind2=" ">
            <marc:subfield code="a">twm</marc:subfield>
            <marc:subfield code="b">o</marc:subfield>
            <marc:subfield code="h">n</marc:subfield>
            <marc:subfield code="c">p</marc:subfield>
            <marc:subfield code="e">20100208</marc:subfield>
        </marc:datafield>
        <marc:datafield tag="902" ind1=" " ind2=" ">
            <marc:subfield code="a">gls</marc:subfield>
            <marc:subfield code="b">m</marc:subfield>
            <marc:subfield code="6">e</marc:subfield>
            <marc:subfield code="7">m</marc:subfield>
            <marc:subfield code="d">v</marc:subfield>
            <marc:subfield code="f">1</marc:subfield>
            <marc:subfield code="e">20100616</marc:subfield>
        </marc:datafield>
    </marc:record>
    <marc:record type="Holdings">
        <marc:leader>00172cx  a22000854  4500</marc:leader>
        <marc:controlfield tag="001">6101357</marc:controlfield>
        <marc:controlfield tag="004">6049593</marc:controlfield>
        <marc:controlfield tag="005">20100616114239.0</marc:controlfield>
        <marc:controlfield tag="008">1002080p    8   1001uu   0000000</marc:controlfield>
        <marc:datafield tag="852" ind1="0" ind2=" ">
            <marc:subfield code="b">map</marc:subfield>
            <marc:subfield code="h">HMC01.6566</marc:subfield>
        </marc:datafield>
    </marc:record>
</marc:collection>
